@inproceedings{stanley2007regularities,
  title={Generating large-scale neural networks through discovering geometric regularities},
  author={Gauci, Jason and Stanley, Kenneth},
  booktitle={Proceedings of the 9th annual conference on Genetic and evolutionary computation},
  pages={997--1004},
  year={2007},
  organization={ACM}
}

@article{stanley2002neat,
  title={Evolving neural networks through augmenting topologies},
  author={Stanley, Kenneth O and Miikkulainen, Risto},
  journal={Evolutionary computation},
  volume={10},
  number={2},
  pages={99--127},
  year={2002},
  publisher={MIT Press}
}
